@article{closerlook,
  author    = {Wei{-}Yu Chen and
               Yen{-}Cheng Liu and
               Zsolt Kira and
               Yu{-}Chiang Frank Wang and
               Jia{-}Bin Huang},
  title     = {A Closer Look at Few-shot Classification},
  journal   = {CoRR},
  volume    = {abs/1904.04232},
  year      = {2019},
  url       = {http://arxiv.org/abs/1904.04232},
  archivePrefix = {arXiv},
  eprint    = {1904.04232},
  timestamp = {Thu, 25 Apr 2019 13:55:01 +0200},
  biburl    = {https://dblp.org/rec/journals/corr/abs-1904-04232.bib},
  bibsource = {dblp computer science bibliography, https://dblp.org}
}

@misc{rotation,
      title={Boosting Few-Shot Visual Learning with Self-Supervision}, 
      author={Spyros Gidaris and Andrei Bursuc and Nikos Komodakis and Patrick Pérez and Matthieu Cord},
      year={2019},
      eprint={1906.05186},
      archivePrefix={arXiv},
      primaryClass={cs.CV}
}

@misc{dfmn,
      title={Meta-Learned Confidence for Few-shot Learning}, 
      author={Seong Min Kye and Hae Beom Lee and Hoirin Kim and Sung Ju Hwang},
      year={2020},
      eprint={2002.12017},
      archivePrefix={arXiv},
      primaryClass={cs.LG}
}

@misc{setset,
      title={Few-Shot Learning via Embedding Adaptation with Set-to-Set Functions}, 
      author={Han-Jia Ye and Hexiang Hu and De-Chuan Zhan and Fei Sha},
      year={2020},
      eprint={1812.03664},
      archivePrefix={arXiv},
      primaryClass={cs.LG}
}

@inbook{sen,
author = {Nguyen, Van and Løkse, Sigurd and Wickstrøm, Kristoffer and Kampffmeyer, Michael and Roverso, Davide and Jenssen, Robert},
year = {2020},
month = {11},
pages = {118-134},
title = {SEN: A Novel Feature Normalization Dissimilarity Measure for Prototypical Few-Shot Learning Networks},
isbn = {978-3-030-58591-4},
doi = {10.1007/978-3-030-58592-1_8}
}

@misc{google,
      title={Google Landmarks Dataset v2 -- A Large-Scale Benchmark for Instance-Level Recognition and Retrieval}, 
      author={Tobias Weyand and Andre Araujo and Bingyi Cao and Jack Sim},
      year={2020},
      eprint={2004.01804},
      archivePrefix={arXiv},
      primaryClass={cs.CV}
}

@misc{imagenet,
      title={Matching Networks for One Shot Learning}, 
      author={Oriol Vinyals and Charles Blundell and Timothy Lillicrap and Koray Kavukcuoglu and Daan Wierstra},
      year={2017},
      eprint={1606.04080},
      archivePrefix={arXiv},
      primaryClass={cs.LG}
}